@inproceedings{Karp,
author = {Karp, Richard M.},
title = {On-Line Algorithms Versus Off-Line Algorithms: How Much is It Worth to Know the Future?},
booktitle = {Proceedings of the IFIP 12th World Computer Congress on Algorithms, Software, Architecture - Information Processing '92, Volume 1 - Volume I},
year = {1992},
isbn = {0-444-89747-X},
pages = {416--429},
numpages = {14},
url = {http://dl.acm.org/citation.cfm?id=645569.659725},
acmid = {659725},
publisher = {North-Holland Publishing Co.},
address = {Amsterdam, The Netherlands, The Netherlands},
}

@article{onlinekmeans,
author = {BARBAKH, WESAM and FYFE, COLIN},
title = {ONLINE CLUSTERING ALGORITHMS},
journal = {International Journal of Neural Systems},
volume = {18},
number = {03},
pages = {185-194},
year = {2008},
doi = {10.1142/S0129065708001518},
    note ={PMID: 18595148},

URL = {http://www.worldscientific.com/doi/abs/10.1142/S0129065708001518},
eprint = {http://www.worldscientific.com/doi/pdf/10.1142/S0129065708001518}
}

@Inbook{art,
author="Carpenter, Gail A.
and Grossberg, Stephen",
title="Adaptive Resonance Theory",
bookTitle="Encyclopedia of Machine Learning",
year="2010",
publisher="Springer US",
address="Boston, MA",
pages="22--35",
isbn="978-0-387-30164-8",
doi="10.1007/978-0-387-30164-8_11",
url="http://dx.doi.org/10.1007/978-0-387-30164-8_11"
}

@incollection{stochastic,
  author = {Bottou, L\'{e}on},
  title = {Online Algorithms and Stochastic Approximations},
  booktitle = {Online Learning and Neural Networks},
  editor = {Saad, David},
  publisher = {Cambridge University Press},
  address = {Cambridge, UK},
  year = {1998},
  url = {http://leon.bottou.org/papers/bottou-98x},
  note = {revised, oct 2012}
}

@book{normalization,
  author    = {Edward S. Neukrug Old Dominion University, R. Charles Fawcett University of Virginia}, 
  title     = {Essentials of Testing and Assessment: A Practical Guide for Counselors, Social Workers, and Psychologists, 3rd Edition},
  publisher = {Brooks Cole},
  year      = 2015,
  edition   = 3,
  isbn      = {1285454243}
}

@article{knn,
    author = {Altman, N. S.},
    citeulike-article-id = {5847607},
    citeulike-linkout-0 = {http://dx.doi.org/10.2307/2685209},
    citeulike-linkout-1 = {http://www.jstor.org/stable/2685209},
    doi = {10.2307/2685209},
    issn = {00031305},
    journal = {The American Statistician},
    keywords = {knn, ris},
    number = {3},
    pages = {175--185},
    posted-at = {2009-09-28 20:38:35},
    priority = {2},
    publisher = {American Statistical Association},
    title = {{An Introduction to Kernel and Nearest-Neighbor Nonparametric Regression}},
    url = {http://dx.doi.org/10.2307/2685209},
    volume = {46},
    year = {1992}
}

@inproceedings{LargeScaleOnlineLearning,
  added-at = {2014-12-11T00:00:00.000+0100},
  author = {Bottou, Léon and LeCun, Yann},
  booktitle = {NIPS},
  editor = {Thrun, Sebastian and Saul, Lawrence K. and Schölkopf, Bernhard},
  interhash = {328691d3c5132bd2c3e74eca4f50818a},
  intrahash = {3d21bdf62b6427d87af2932642645e2a},
  isbn = {0-262-20152-6},
  keywords = {dblp},
  pages = {217-224},
  publisher = {MIT Press},
  timestamp = {2015-06-19T08:03:42.000+0200},
  title = {Large Scale Online Learning.},
  url = {http://dblp.uni-trier.de/db/conf/nips/nips2003.html#BottouC03},
  year = 2003
}

@INPROCEEDINGS{adaptiveDataForwarding, 
author={C. Anagnostopoulos and T. Anagnostopoulos and S. Hadjiefthymiades}, 
booktitle={2010 5th IEEE International Conference Intelligent Systems}, 
title={An adaptive data forwarding scheme for energy efficiency in Wireless Sensor Networks}, 
year={2010}, 
pages={396-401},
doi={10.1109/IS.2010.5548338}, 
ISSN={1541-1672}, 
month={July},
}

@article{timeOptimizedContextual,
title = "Time-optimized contextual information forwarding in mobile sensor networks ",
journal = "Journal of Parallel and Distributed Computing ",
volume = "74",
number = "5",
pages = "2317 - 2332",
year = "2014",
note = "",
issn = "0743-7315",
doi = "http://dx.doi.org/10.1016/j.jpdc.2014.01.008",
url = "http://www.sciencedirect.com/science/article/pii/S0743731514000185",
author = "Christos Anagnostopoulos",
}

@Article{intelligentContextualInformation,
author="Anagnostopoulos, Christos",
title="Intelligent Contextual Information Collection in Internet of Things",
journal="International Journal of Wireless Information Networks",
year="2016",
volume="23",
number="1",
pages="28--39",
issn="1572-8129",
doi="10.1007/s10776-015-0293-9",
url="http://dx.doi.org/10.1007/s10776-015-0293-9"
}

@inproceedings{air-quality-inference-meets-big-data,
author = {Yu Zheng, Furui Liu, Hsun-Ping Hsieh},
title = {U-Air: When Urban Air Quality Inference Meets Big Data},
booktitle={Proceedings of the 19th SIGKDD conference on Knowledge Discovery and Data Mining}, 
year = {2013},
month = {August},
publisher = {KDD 2013},
url = {https://www.microsoft.com/en-us/research/publication/u-air-when-urban-air-quality-inference-meets-big-data/},
}

@article{dietterich2002ensemble,
  title={Ensemble learning},
  author={Dietterich, Thomas G},
  journal={The handbook of brain theory and neural networks},
  volume={2},
  pages={110--125},
  year={2002},
  publisher={MIT Press: Cambridge, MA}
}

@inproceedings{distributedEnergyDistribution,
  author    = {Yu Wang and
               Shiwen Mao and
               R. M. Nelms},
  title     = {A distributed online algorithm for optimal real-time energy distribution
               in smart grid},
  booktitle = {2013 {IEEE} Global Communications Conference, {GLOBECOM} 2013, Atlanta,
               GA, USA, December 9-13, 2013},
  pages     = {1644--1649},
  year      = {2013},
  url       = {http://ieeexplore.ieee.org/xpl/articleDetails.jsp?arnumber=6831309},
  timestamp = {Wed, 25 Feb 2015 15:27:31 +0100},
  biburl    = {http://dblp2.uni-trier.de/rec/bib/conf/globecom/WangMN13},
  bibsource = {dblp computer science bibliography, http://dblp.org}
}

@INPROCEEDINGS{teen,
    author = {Arati Manjeshwar and Dharma P. Agrawal},
    title = {TEEN: A routing protocol for enhanced efficiency in wireless sensor networks},
    booktitle = {in Proc. IPDPS 2001 Workshops},
    year = {2001}
}

@Article{Richter2005,
author={Richter, Andreas
and Burrows, John P.
and Nusz, Hendrik
and Granier, Claire
and Niemeier, Ulrike},
title={Increase in tropospheric nitrogen dioxide over China observed from space},
journal={Nature},
year={2005},
month={Sep},
day={01},
publisher={Nature Publishing Group},
volume={437},
number={7055},
pages={129-132},
issn={0028-0836},
doi={10.1038/nature04092},
url={http://dx.doi.org/10.1038/nature04092}
}

@inproceedings{mica2,
 author = {He, Tian and Krishnamurthy, Sudha and Stankovic, John A. and Abdelzaher, Tarek and Luo, Liqian and Stoleru, Radu and Yan, Ting and Gu, Lin and Hui, Jonathan and Krogh, Bruce},
 title = {Energy-efficient Surveillance System Using Wireless Sensor Networks},
 booktitle = {Proceedings of the 2Nd International Conference on Mobile Systems, Applications, and Services},
 series = {MobiSys '04},
 year = {2004},
 isbn = {1-58113-793-1},
 location = {Boston, MA, USA},
 pages = {270--283},
 numpages = {14},
 url = {http://doi.acm.org/10.1145/990064.990096},
 doi = {10.1145/990064.990096},
 acmid = {990096},
 publisher = {ACM},
 address = {New York, NY, USA},
 keywords = {energy conservation, sensor networks, tracking, wireless},
}

@article{meanvariance,
 ISSN = {00401706},
 URL = {http://www.jstor.org/stable/1266577},
 author = {B. P. Welford},
 journal = {Technometrics},
 number = {3},
 pages = {419-420},
 publisher = {[Taylor & Francis, Ltd., American Statistical Association, American Society for Quality]},
 title = {Note on a Method for Calculating Corrected Sums of Squares and Products},
 volume = {4},
 year = {1962}
}

@book{kolmogorov1960foundations,
  added-at = {2009-07-28T17:55:31.000+0200},
  author = {Kolmogorov, Andrey N.},
  biburl = {http://www.bibsonomy.org/bibtex/2585bc3d9329dc32d35b19b6d55930489/asalber},
  edition = 2,
  interhash = {66d24417fe93ce0232e9acace5e78fb0},
  intrahash = {585bc3d9329dc32d35b19b6d55930489},
  keywords = {3 probability},
  month = jun,
  publisher = {Chelsea Pub Co},
  timestamp = {2009-07-28T17:55:31.000+0200},
  title = {Foundations of the Theory of Probability},
  url = {http://www.clrc.rhul.ac.uk/resources/fop/Theory%20of%20Probability%20(small).pdf},
  year = 1960
}

@inproceedings{adaptiveProtocols,
 author = {Heinzelman, Wendi Rabiner and Kulik, Joanna and Balakrishnan, Hari},
 title = {Adaptive Protocols for Information Dissemination in Wireless Sensor Networks},
 booktitle = {Proceedings of the 5th Annual ACM/IEEE International Conference on Mobile Computing and Networking},
 series = {MobiCom '99},
 year = {1999},
 isbn = {1-58113-142-9},
 location = {Seattle, Washington, USA},
 pages = {174--185},
 numpages = {12},
 url = {http://doi.acm.org/10.1145/313451.313529},
 doi = {10.1145/313451.313529},
 acmid = {313529},
 publisher = {ACM},
 address = {New York, NY, USA},
}

@ARTICLE{CooperativeDiversity, 
author={J. N. Laneman and D. N. C. Tse and G. W. Wornell}, 
journal={IEEE Transactions on Information Theory}, 
title={Cooperative diversity in wireless networks: Efficient protocols and outage behavior}, 
year={2004}, 
volume={50}, 
number={12}, 
pages={3062-3080}, 
keywords={ad hoc networks;antenna arrays;cellular radio;diversity reception;fading channels;multipath channels;probability;protocols;SNR;ad hoc network;amplify-and-forward;cellular networks;channel measurement;cooperating radio;cooperating terminal relaying signal;cooperative diversity protocol;decode-and-forward;distributed antenna;fading channel;half-duplex operation;incremental relaying schemes;multipath propagation;outage probability;relay channel;selection relaying schemes;signal-to-noise ratio;space diversity;spectral efficiency;wireless network;Antenna arrays;Decoding;Fading;Feedback;Receiving antennas;Relays;Robustness;Signal to noise ratio;Wireless application protocol;Wireless networks;65;Diversity techniques;fading channels;outage probability;relay channel;user cooperation;wireless networks}, 
doi={10.1109/TIT.2004.838089}, 
ISSN={0018-9448}, 
month={Dec},
}

@inproceedings{authenticatingQueries,
 author = {Pang, HweeHwa and Tan, Kian-Lee},
 title = {Authenticating Query Results in Edge Computing},
 booktitle = {Proceedings of the 20th International Conference on Data Engineering},
 series = {ICDE '04},
 year = {2004},
 isbn = {0-7695-2065-0},
 pages = {560--},
 url = {http://dl.acm.org/citation.cfm?id=977401.978163},
 acmid = {978163},
 publisher = {IEEE Computer Society},
 address = {Washington, DC, USA},
}

@inproceedings{fogComputing,
 author = {Bonomi, Flavio and Milito, Rodolfo and Zhu, Jiang and Addepalli, Sateesh},
 title = {Fog Computing and Its Role in the Internet of Things},
 booktitle = {Proceedings of the First Edition of the MCC Workshop on Mobile Cloud Computing},
 series = {MCC '12},
 year = {2012},
 isbn = {978-1-4503-1519-7},
 location = {Helsinki, Finland},
 pages = {13--16},
 numpages = {4},
 url = {http://doi.acm.org/10.1145/2342509.2342513},
 doi = {10.1145/2342509.2342513},
 acmid = {2342513},
 publisher = {ACM},
 address = {New York, NY, USA},
 keywords = {analytics, cloud computing, fog computing, iot, real time systems, software defined networks, wsan},
}

@Inbook{replicatingInternetApplications,
author="Rabinovich, Michael
and Xiao, Zhen
and Aggarwal, Amit",
title="Computing on the Edge: A Platform for Replicating Internet Applications",
bookTitle="Web Content Caching and Distribution: Proceedings of the 8th International Workshop",
year="2004",
publisher="Springer Netherlands",
address="Dordrecht",
pages="57--77",
isbn="978-1-4020-2258-6",
doi="10.1007/1-4020-2258-1_4",
url="http://dx.doi.org/10.1007/1-4020-2258-1_4"
}

@article{EdgePowerConsumptionManufacturing,
title = "21st CIRP Conference on Life Cycle Engineering Predictive Analytics Model for Power Consumption in Manufacturing",
journal = "Procedia CIRP",
volume = "15",
number = "",
pages = "153 - 158",
year = "2014",
note = "",
issn = "2212-8271",
doi = "http://dx.doi.org/10.1016/j.procir.2014.06.036",
url = "http://www.sciencedirect.com/science/article/pii/S2212827114004594",
author = "Terje K. Lien and Seung-Jun Shin and Jungyub Woo and Sudarsan Rachuri",
keywords = "Sustainable manufacturing",
keywords = "Sustainability indicator",
keywords = "Big data",
keywords = "STEP-NC",
keywords = "MTConnect",
keywords = "Machine learning"
}

@article{efficientPredictiveAnalytics,
 author = {Guazzelli, Alex and Stathatos, Kostantinos and Zeller, Michael},
 title = {Efficient Deployment of Predictive Analytics Through Open Standards and Cloud Computing},
 journal = {SIGKDD Explor. Newsl.},
 issue_date = {June 2009},
 volume = {11},
 number = {1},
 month = nov,
 year = {2009},
 issn = {1931-0145},
 pages = {32--38},
 numpages = {7},
 url = {http://doi.acm.org/10.1145/1656274.1656281},
 doi = {10.1145/1656274.1656281},
 acmid = {1656281},
 publisher = {ACM},
 address = {New York, NY, USA},
}

@INPROCEEDINGS{surveyMilitary, 
author={M. P. Đurišić and Z. Tafa and G. Dimić and V. Milutinović}, 
booktitle={2012 Mediterranean Conference on Embedded Computing (MECO)}, 
title={A survey of military applications of wireless sensor networks}, 
year={2012}, 
pages={196-199}, 
keywords={military communication;wireless sensor networks;WSN;military applications;military communications;wireless sensor networks;Acoustics;Chemicals;Computer architecture;Military communication;USA Councils;Wireless communication;Wireless sensor networks;CBRNE;battlefield;force protection;imaging;other-than-war;presence;ranging;urban;wireless sensor networks}, 
ISSN={2377-5475}, 
month={June},}

@ARTICLE{SmartSensorWeb, 
author={J. L. Paul}, 
journal={IEEE Aerospace and Electronic Systems Magazine}, 
title={Smart Sensor Web: Web-based exploitation of sensor fusion for visualization of the tactical battlefield}, 
year={2001}, 
volume={16}, 
number={5}, 
pages={29-36}, 
keywords={Internet;intelligent sensors;microsensors;military communication;sensor fusion;DUSD;Internet;Smart Sensor Web;Web-based exploitation;Web-centric distribution;local sensors;long-term solutions;military operations;mission planning;near-term demonstrations;real time communication tool;real-time imagery;sensor fusion;situational awareness;tactical battlefield;targeting information;visualization;weather;Image sensors;Intelligent sensors;Internet;Land vehicles;Microelectronics;Sensor arrays;Sensor fusion;Thermal force;Unmanned aerial vehicles;Visualization}, 
doi={10.1109/62.925694}, 
ISSN={0885-8985}, 
month={May},}

@INPROCEEDINGS{energyAwareRouting, 
author={R. C. Shah and J. M. Rabaey}, 
booktitle={Wireless Communications and Networking Conference, 2002. WCNC2002. 2002 IEEE}, 
title={Energy aware routing for low energy ad hoc sensor networks}, 
year={2002}, 
volume={1}, 
pages={350-355 vol.1}, 
keywords={distributed sensors;packet radio networks;protocols;telecommunication network routing;dense wireless networks;energy aware routing;heterogeneous nodes;long-term connectivity;network lifetime;routing protocols;sensor networks;sub-optimal paths;Automatic control;Degradation;Energy measurement;Gain measurement;Intelligent sensors;Manufacturing automation;Robot control;Routing protocols;Toy manufacturing industry;Wireless sensor networks}, 
doi={10.1109/WCNC.2002.993520}, 
month={Mar},}

@inproceedings{directedDiffusion,
 author = {Intanagonwiwat, Chalermek and Govindan, Ramesh and Estrin, Deborah},
 title = {Directed Diffusion: A Scalable and Robust Communication Paradigm for Sensor Networks},
 booktitle = {Proceedings of the 6th Annual International Conference on Mobile Computing and Networking},
 series = {MobiCom '00},
 year = {2000},
 isbn = {1-58113-197-6},
 location = {Boston, Massachusetts, USA},
 pages = {56--67},
 numpages = {12},
 url = {http://doi.acm.org/10.1145/345910.345920},
 doi = {10.1145/345910.345920},
 acmid = {345920},
 publisher = {ACM},
 address = {New York, NY, USA},
}

@INPROCEEDINGS{energyEfficientDataManagement, 
author={Hyunyoung Lee and A. Klappenecker and Kyoungsook Lee and Lan Lin}, 
booktitle={IEEE International Conference on Mobile Adhoc and Sensor Systems Conference, 2005.}, 
title={Energy efficient data management for wireless sensor networks with data sink failure}, 
year={2005}, 
pages={7 pp.-210}, 
keywords={failure analysis;telecommunication network management;telecommunication network reliability;wireless sensor networks;address assignment scheme;data sink failure;energy efficient data management;sensor data management;wireless sensor networks;Computer network management;Energy efficiency;Energy management;Gas detectors;Information retrieval;Peer to peer computing;Protocols;Routing;Sensor systems;Wireless sensor networks}, 
doi={10.1109/MAHSS.2005.1542801}, 
ISSN={2155-6806}, 
month={Nov},}

@INPROCEEDINGS{informationCollection, 
author={C. T. Chou and R. Rana and W. Hu}, 
booktitle={2009 IEEE 34th Conference on Local Computer Networks}, 
title={Energy efficient information collection in wireless sensor networks using adaptive compressive sensing}, 
year={2009}, 
pages={443-450}, 
keywords={wireless sensor networks;NP-hard;adaptive compressive sensing;from temporal-spatial field;wireless sensor networks;Adaptive algorithm;Adaptive systems;Approximation algorithms;Australia;Energy efficiency;Iterative algorithms;Sampling methods;Sensor phenomena and characterization;Time measurement;Wireless sensor networks}, 
doi={10.1109/LCN.2009.5355162}, 
ISSN={0742-1303}, 
month={Oct},}

@ARTICLE{optimalSelective, 
author={R. Arroyo-Valles and A. G. Marques and J. Cid-Sueiro}, 
journal={IEEE Transactions on Mobile Computing}, 
title={Optimal Selective Transmission under Energy Constraints in Sensor Networks}, 
year={2009}, 
volume={8}, 
number={11}, 
pages={1524-1538}, 
keywords={statistical distributions;wireless sensor networks;energy constraints;optimal selective transmission;optimal transmission policy;sensor networks;statistical distribution;time-variant threshold;Sensor networks;energy-aware systems;message sending.;stochastic programming;wireless sensor networks}, 
doi={10.1109/TMC.2009.67}, 
ISSN={1536-1233}, 
month={Nov},}








